@MANUAL{eudirective,
title= {Directive 2010/40/EU of the European Parliament and of the Council on the framework for the deployment of Intelligent Transport Systems in the field of road transport and for interfaces with other modes of transport},
organization = {European Parliament},
year = {2010},
number = {2010 O.J. L 207/1}
}

@MISC{usdot,
title = {{U.S.} {Department of Transportation}, {Office of the Assistant Secretary for Research and Technology (OST-R)}},
url = {http://www.itsoverview.its.dot.gov/}
}

@INPROCEEDINGS{80211dailey,
author={D. J. Dailey and K. McFarland and J. L. Garrison},
booktitle={2010 IEEE Intelligent Vehicles Symposium},
title={Experimental study of 802.11 based networking for vehicular management and safety},
year={2010},
pages={1209-1213},
keywords={radio receivers;road safety;road traffic;telecommunication network management;wireless channels;IEEE 802.11a;bandwidth measurement;communication channel;moving vehicle;packet loss measurement;signal to noise ratio;stationary receiver;vehicular management;vehicular safety;Bandwidth;Communication channels;Global Positioning System;Loss measurement;Noise measurement;Position measurement;Safety;Signal to noise ratio;Throughput;Vehicles;GPS;Iperf;packet loss;signal-to-noise ratio;wireless},
doi={10.1109/IVS.2010.5547955},
ISSN={1931-0587},
month={June}}

@ARTICLE{80215vanet,
author={W. Xiong and X. Hu and T. Jiang},
journal={IEEE Transactions on Industrial Informatics},
title={Measurement and Characterization of Link Quality for {IEEE} 802.15.4-Compliant Wireless Sensor Networks in Vehicular Communications},
year={2016},
volume={12},
number={5},
pages={1702-1713},
keywords={optimisation;vehicular ad hoc networks;wireless sensor networks;IEEE 802.15.4-compliant wireless sensor networks;WSN-based VANET applications;link quality metrics;network optimization;packet error rate;packet loss distribution;topology design;vehicle-to-infrastructure communication;vehicular ad hoc network;vehicular communications;wireless channel characteristics;IEEE 802.15 Standard;Informatics;Interference;Semiconductor device measurement;Vehicles;Wireless sensor networks;IEEE 802.15.4;link quality;vehicular communications;wireless sensor networks (WSNs)},
doi={10.1109/TII.2015.2499121},
ISSN={1551-3203},
month={Oct}}

@INPROCEEDINGS{80211wave,
author={D. Jiang and L. Delgrossi},
booktitle={VTC Spring 2008 - IEEE Vehicular Technology Conference},
title={{IEEE 802.11p}: Towards an International Standard for Wireless Access in Vehicular Environments},
year={2008},
pages={2036-2040},
keywords={IEEE standards;automobiles;mobile radio;telecommunication standards;wireless LAN;IEEE 802.11 standard;IEEE 802.11 working group;IEEE 802.11p;international standard;moving vehicles;vehicular environments;vehicular safety communications;wireless access;wireless communication systems;Broadcasting;Communication standards;FCC;North America;Road safety;Road vehicles;Standardization;Standards development;Vehicle driving;Vehicle safety},
doi={10.1109/VETECS.2008.458},
ISSN={1550-2252},
month={May},}

@inproceedings{bidirectionalsimul,
 author = {Sommer, Christoph and Yao, Zheng and German, Reinhard and Dressler, Falko},
 title = {On the Need for Bidirectional Coupling of Road Traffic Microsimulation and Network Simulation},
 booktitle = {Proceedings of the 1st ACM SIGMOBILE Workshop on Mobility Models},
 series = {MobilityModels '08},
 year = {2008},
 isbn = {978-1-60558-111-8},
 location = {Hong Kong, Hong Kong, China},
 pages = {41--48},
 numpages = {8},
 url = {http://doi.acm.org/10.1145/1374688.1374697},
 doi = {10.1145/1374688.1374697},
 acmid = {1374697},
 publisher = {ACM},
 address = {New York, NY, USA},
 keywords = {network simulation, road traffic microsimulation, vehicular ad hoc networks},
}

@ARTICLE{sommer_german_dressler,
author={C. Sommer and R. German and F. Dressler},
journal={IEEE Transactions on Mobile Computing},
title={Bidirectionally Coupled Network and Road Traffic Simulation for Improved {IVC} Analysis},
year={2011},
volume={10},
number={1},
pages={3-15},
keywords={ad hoc networks;mobile radio;protocols;road safety;road traffic;road vehicles;telecommunication network routing;IVC analysis;IVC protocol;OMNeT++ network simulator;VANET;bidirectional coupling;intervehicle communication;network protocol behavior;on-demand route planning;road traffic microsimulation;road traffic simulation;safety application;traffic congestion;traffic incident;vehicles in network simulation;vehicular ad hoc network;Ad hoc networks;Analytical models;Communication system traffic control;Computational modeling;Mobile ad hoc networks;Protocols;Roads;Telecommunication traffic;Traffic control;Veins;Inter-Vehicle Communication;Vehicular Ad Hoc Network;Veins.;network simulation;road traffic simulation},
doi={10.1109/TMC.2010.133},
ISSN={1536-1233},
month={Jan},}
